<record><leader>00000cas a22000007a 4500</leader><controlfield tag="001">13114251</controlfield><controlfield tag="008">860206d18831901coudn ne      0    0eng d</controlfield><datafield ind1=" " ind2=" " tag="010"><subfield code="a">sn 86066845 </subfield></datafield><datafield ind1=" " ind2=" " tag="040"><subfield code="a">KSH</subfield><subfield code="b">eng</subfield><subfield code="c">KSH</subfield><subfield code="d">NPT</subfield><subfield code="d">CNQ</subfield><subfield code="d">OCLCQ</subfield></datafield><datafield ind1=" " ind2=" " tag="042"><subfield code="a">msc</subfield></datafield><datafield ind1="0" ind2=" " tag="130"><subfield code="a">Daily evening star (South Pueblo, Colo.)</subfield></datafield><datafield ind1="1" ind2="4" tag="245"><subfield code="a">The daily evening star.</subfield></datafield><datafield ind1=" " ind2=" " tag="260"><subfield code="a">South Pueblo, Colo. :</subfield><subfield code="b">Star Co-Operative Pub. Co.</subfield></datafield><datafield ind1=" " ind2=" " tag="300"><subfield code="a">v. ;</subfield><subfield code="c">50-55 cm.</subfield></datafield><datafield ind1=" " ind2=" " tag="310"><subfield code="a">Daily (except Sun.)</subfield></datafield><datafield ind1="1" ind2=" " tag="362"><subfield code="a">Began in 1883.</subfield><subfield code="z">Cf. Rowell, 1884.</subfield></datafield><datafield ind1="0" ind2=" " tag="362"><subfield code="a">-v. 20, no. 129 (May 31, 1901).</subfield></datafield><datafield ind1=" " ind2=" " tag="588"><subfield code="a">Description based on: Vol. 1, no. 34 (Feb. 13, 1884).</subfield></datafield><datafield ind1="0" ind2="0" tag="780"><subfield code="t">Pueblo evening star</subfield><subfield code="w">(DLC)sn 90051101</subfield></datafield><datafield ind1="0" ind2="7" tag="785"><subfield code="t">Pueblo evening journal</subfield></datafield><datafield ind1="0" ind2="7" tag="785"><subfield code="t">Pueblo star-journal</subfield><subfield code="w">(DLC)sn 82016459</subfield></datafield><datafield ind1="1" ind2=" " tag="029"><subfield code="a">AU@</subfield><subfield code="b">000025820240</subfield></datafield></record>